@article{jossos,
  doi = {10.21105/joss.00281},
  url = {https://doi.org/10.21105/joss.00281},
  year  = {2017},
  month = {jul},
  publisher = {The Open Journal},
  volume = {2},
  number = {15},
  author = {Alexander Bock and Emil Axelsson and Karl Bladin and Jonathas Costa and Gene Payne and Matthew Territo and Joakim Kilby and Masha Kuznetsova and Carter Emmart and Anders Ynnerman},
  title = {{OpenSpace}: An open-source astrovisualization framework},
  journal = {The Journal of Open Source Software}
}

@techreport{fette2011websocket,
  author = {I. Fette and A. Melnikov},
  title = {The WebSocket Protocol},
  howpublished = {Internet Requests for Comments},
  type = {RFC},
  number = {6455},
  year = {2011},
  month = {December},
  issn = {2070-1721},
  publisher = {RFC Editor},
  institution = {RFC Editor},
  url = {http://www.rfc-editor.org/rfc/rfc6455.txt},
}

@techreport{postel1981transmission,
  author = {Jon Postel},
  title = {Transmission Control Protocol},
  howpublished = {Internet Requests for Comments},
  type = {STD},
  number = {7},
  year = {1981},
  month = {September},
  issn = {2070-1721},
  publisher = {RFC Editor},
  institution = {RFC Editor},
  url = {http://www.rfc-editor.org/rfc/rfc793.txt},
}

@techreport{RFC3629,
  author = {F. Yergeau},
  title = {UTF-8, a transformation format of ISO 10646},
  howpublished = {Internet Requests for Comments},
  type = {STD},
  number = {63},
  year = {2003},
  month = {November},
  issn = {2070-1721},
  publisher = {RFC Editor},
  institution = {RFC Editor},
  url = {http://www.rfc-editor.org/rfc/rfc3629.txt},
}

@article{jacobs2009uri,
  title = {URI/Resource Relationships},
  author = {Jacobs, Ian and Walsh, Norman},
  journal = {Architecture of the World Wide Web, Volume One},
  year = {2009},
  url = {https://www.w3.org/TR/webarch/#id-resources}
}

@book{youdontknowjs,
  title={You Don't Know JS: ES6 \& Beyond},
  author={Simpson, Kyle},
  year={2015},
  publisher={" O'Reilly Media, Inc."}
}

@techreport{RFC5246,
  author = {T. Dierks and E. Rescorla},
  title = {The Transport Layer Security (TLS) Protocol Version 1.2},
  howpublished = {Internet Requests for Comments},
  type = {RFC},
  number = {5246},
  year = {2008},
  month = {August},
  issn = {2070-1721},
  publisher = {RFC Editor},
  institution = {RFC Editor},
  url = {http://www.rfc-editor.org/rfc/rfc5246.txt},
}

@techreport{RFC1122,
  author = {Robert Braden},
  title = {Requirements for Internet Hosts - Communication Layers},
  howpublished = {Internet Requests for Comments},
  type = {STD},
  number = {3},
  year = {1989},
  month = {October},
  issn = {2070-1721},
  publisher = {RFC Editor},
  institution = {RFC Editor},
  url = {http://www.rfc-editor.org/rfc/rfc1122.txt},
}

@online{react,
  title = {React documentation},
  url = {https://facebook.github.io/react/},
  urldate = {2017-09-13},
}

@online{es5,
  title = {Standard ECMA-262 ECMAScript Language Specification},
  year = {2011},
  url = {https://www.ecma-international.org/ecma-262/5.1/},
  urldate = {2017-09-14},
}

@online{es6,
  title = {Standard ECMA-262 ECMAScript 2015 Language Specification},
  year = {2015},
  url = {https://www.ecma-international.org/ecma-262/6.0/},
  urldate = {2017-09-14},
}

@techreport{json,
  author = {T. Bray},
  title = {The JavaScript Object Notation (JSON) Data Interchange Format},
  howpublished = {Internet Requests for Comments},
  type = {RFC},
  number = {7159},
  year = {2014},
  month = {March},
  issn = {2070-1721},
  publisher = {RFC Editor},
  institution = {RFC Editor},
  url = {http://www.rfc-editor.org/rfc/rfc7159.txt},
}

@techreport{RFC2616,
  author = {Roy T. Fielding and James Gettys and Jeffrey C. Mogul and Henrik Frystyk Nielsen and Larry Masinter and Paul J. Leach and Tim Berners-Lee},
  title = {Hypertext Transfer Protocol -- HTTP/1.1},
  howpublished = {Internet Requests for Comments},
  type = {RFC},
  number = {2616},
  year = {1999},
  month = {June},
  issn = {2070-1721},
  publisher = {RFC Editor},
  institution = {RFC Editor},
  url = {http://www.rfc-editor.org/rfc/rfc2616.txt},
}

@techreport{RFC3174,
  author = {D. Eastlake and P. Jones},
  title = {US Secure Hash Algorithm 1 (SHA1)},
  howpublished = {Internet Requests for Comments},
  type = {RFC},
  number = {3174},
  year = {2001},
  month = {September},
  issn = {2070-1721},
  publisher = {RFC Editor},
  institution = {RFC Editor},
  url = {http://www.rfc-editor.org/rfc/rfc3174.txt},
}

@techreport{base64,
  author = {S. Josefsson},
  title = {The Base16, Base32, and Base64 Data Encodings},
  howpublished = {Internet Requests for Comments},
  type = {RFC},
  number = {4648},
  year = {2006},
  month = {October},
  issn = {2070-1721},
  publisher = {RFC Editor},
  institution = {RFC Editor},
  url = {http://www.rfc-editor.org/rfc/rfc4648.txt},
}

@online{cefusage,
  title = {General Usage},
  journal = {Chromium Embedded Framework Wiki},
  year = {2017},
  url = {https://bitbucket.org/chromiumembedded/cef/wiki/GeneralUsage},
  urldate = {2017-09-14},
}

@online{blink,
  title = {Blink},
  journal = {The Chromium Projects},
  url = {https://www.chromium.org/blink},
  urldate = {2017-09-14},
}

@online{processes,
  title = {Design documents: Process models},
  journal = {The Chromium Projects},
  url = {https://www.chromium.org/developers/design-documents/process-models},
  urldate = {2017-09-14},
}

@online{lwssingle,
  title = {Notes about coding with lws},
  url = {https://github.com/warmcat/libwebsockets/blob/master/README.coding.md},
  urldate = {2017-09-15},
}

@online{network10same,
  title = {Same-Origin Policy},
  journal = {Mozilla Developer Network},
  url = {https://developer.mozilla.org/en-US/docs/Web/Security/Same-origin_policy},
  urldate = {2017-09-14},
}

@online{stateofjs,
  title = {Front-End Frameworks},
  journal = {State of Javascript},
  url = {http://stateofjs.com/2016/frontend/},
  urldate = {2017-09-18},
}

@online{angular,
  title = {AngularJS 2.0},
  journal = {AngularJS Blog},
  url = {http://angularjs.blogspot.se/2014/03/angular-20.html},
  urldate = {2017-09-18},
}

@online{jsonlib,
  title = {GitHub: nlohmann/json},
  journal = {AngularJS Blog},
  url = {https://github.com/nlohmann/json},
  urldate = {2017-09-20},
}

@article{html,
  title = {HTML 5.1 specification},
  author = {Berjon, Robin and Faulkner, Steve and Leithead, Travis and Navara, Erika Doyle and Oâ€™Connor, Edward and Pfeiffer, Silvia and Hickson, Ian},
  journal = {W3C Working Draft},
  year = {2016},
  month = {nov},
  url = {https://www.w3.org/TR/html51/},
  urldate = {2017-09-14},
}
